%% This BibTeX bibliography file was created using BibDesk.
%% http://bibdesk.sourceforge.net/

%% Created for Daniel Buonaiuto at 2017-11-27 16:54:02 -0500 


%% Saved with string encoding Unicode (UTF-8) 



@electronic{Stan2016,
	Author = {Stan Development Team},
	Date-Added = {2017-11-27 21:32:49 +0000},
	Date-Modified = {2017-11-27 21:34:52 +0000},
	Title = {rstanarm: {Bayesian} applied regression modeling via {Stan}.},
	Urldate = {http://mc-stan.org/},
	Year = {2016}}

@article{Menzel2006,
	Author = {Menzel, Annette and Sparks, Tim H. and Estrella, Nicole and Koch, Elisabeth and AASA, ANTO and AHAS, REIN and ALM-K{\"U}BLER, KERSTIN and BISSOLLI, PETER and BRASLAVSK{\'A}, OL'GA and BRIEDE, AGRITA and et al.},
	Date-Added = {2017-11-27 21:29:55 +0000},
	Date-Modified = {2017-11-27 21:29:55 +0000},
	Doi = {10.1111/j.1365-2486.2006.01193.x},
	Issn = {1365-2486},
	Journal = {Global Change Biology},
	Month = {Oct},
	Number = {10},
	Pages = {1969--1976},
	Publisher = {Wiley-Blackwell},
	Title = {European phenological response to climate change matches the warming pattern},
	Url = {http://dx.doi.org/10.1111/j.1365-2486.2006.01193.x},
	Volume = {12},
	Year = {2006},
	Bdsk-File-1 = {YnBsaXN0MDDUAQIDBAUGJCVYJHZlcnNpb25YJG9iamVjdHNZJGFyY2hpdmVyVCR0b3ASAAGGoKgHCBMUFRYaIVUkbnVsbNMJCgsMDxJXTlMua2V5c1pOUy5vYmplY3RzViRjbGFzc6INDoACgAOiEBGABIAFgAdccmVsYXRpdmVQYXRoWWFsaWFzRGF0YV8QPi4uLy4uLy4uL0Rvd25sb2Fkcy9NRU5aRUxfZXRfYWwtMjAwNi1HbG9iYWxfQ2hhbmdlX0Jpb2xvZ3kucGRm0hcLGBlXTlMuZGF0YU8RAfoAAAAAAfoAAgAADE1hY2ludG9zaCBIRAAAAAAAAAAAAAAAAAAAAMpAsaxIKwAAAAUCoR9NRU5aRUxfZXRfYWwtMjAwNi1HIzM2QTY0NUUucGRmAAAAAAAAAAAAAAAAAAAAAAAAAAAAAAAAAAAAAAAAAAADamRe1Q/ouwAAAAAAAAAAAAMAAgAACSAAAAAAAAAAAAAAAAAAAAAJRG93bmxvYWRzAAAQAAgAAMpA6ewAAAARAAgAANUQIPsAAAABAAwABQKhAAUCVwAAvuwAAgBPTWFjaW50b3NoIEhEOlVzZXJzOgBkYW5pZWxidW9uYWl1dG86AERvd25sb2FkczoATUVOWkVMX2V0X2FsLTIwMDYtRyMzNkE2NDVFLnBkZgAADgBYACsATQBFAE4AWgBFAEwAXwBlAHQAXwBhAGwALQAyADAAMAA2AC0ARwBsAG8AYgBhAGwAXwBDAGgAYQBuAGcAZQBfAEIAaQBvAGwAbwBnAHkALgBwAGQAZgAPABoADABNAGEAYwBpAG4AdABvAHMAaAAgAEgARAASAEtVc2Vycy9kYW5pZWxidW9uYWl1dG8vRG93bmxvYWRzL01FTlpFTF9ldF9hbC0yMDA2LUdsb2JhbF9DaGFuZ2VfQmlvbG9neS5wZGYAABMAAS8AABUAAgAW//8AAIAG0hscHR5aJGNsYXNzbmFtZVgkY2xhc3Nlc11OU011dGFibGVEYXRhox0fIFZOU0RhdGFYTlNPYmplY3TSGxwiI1xOU0RpY3Rpb25hcnmiIiBfEA9OU0tleWVkQXJjaGl2ZXLRJidUcm9vdIABAAgAEQAaACMALQAyADcAQABGAE0AVQBgAGcAagBsAG4AcQBzAHUAdwCEAI4AzwDUANwC2gLcAuEC7AL1AwMDBwMOAxcDHAMpAywDPgNBA0YAAAAAAAACAQAAAAAAAAAoAAAAAAAAAAAAAAAAAAADSA==}}

@article{Forrest2010,
	Author = {Forrest, J. and Miller-Rushing, A. J.},
	Date-Added = {2017-11-27 21:29:25 +0000},
	Date-Modified = {2017-11-27 21:29:25 +0000},
	Doi = {10.1098/rstb.2010.0145},
	Issn = {1471-2970},
	Journal = {Philosophical Transactions of the Royal Society B: Biological Sciences},
	Month = {Sep},
	Number = {1555},
	Pages = {3101--3112},
	Publisher = {The Royal Society},
	Title = {Toward a synthetic understanding of the role of phenology in ecology and evolution},
	Url = {http://dx.doi.org/10.1098/rstb.2010.0145},
	Volume = {365},
	Year = {2010},
	Bdsk-File-1 = {YnBsaXN0MDDUAQIDBAUGJCVYJHZlcnNpb25YJG9iamVjdHNZJGFyY2hpdmVyVCR0b3ASAAGGoKgHCBMUFRYaIVUkbnVsbNMJCgsMDxJXTlMua2V5c1pOUy5vYmplY3RzViRjbGFzc6INDoACgAOiEBGABIAFgAdccmVsYXRpdmVQYXRoWWFsaWFzRGF0YV8QKC4uLy4uLy4uL0Rlc2t0b3AvSGFydmFyZC8yNzgvRm9ycmVzdC5wZGbSFwsYGVdOUy5kYXRhTxEBngAAAAABngACAAAMTWFjaW50b3NoIEhEAAAAAAAAAAAAAAAAAAAAykCxrEgrAAADakLCC0ZvcnJlc3QucGRmAAAAAAAAAAAAAAAAAAAAAAAAAAAAAAAAAAAAAAAAAAAAAAAAAAAAAAAAAAAAAAAAAAAAAANqZKTVD+mIAAAAAAAAAAAAAwAEAAAJIAAAAAAAAAAAAAAAAAAAAAMyNzgAABAACAAAykDp7AAAABEACAAA1RAhyAAAAAEAFANqQsIDPgkxAAUC9QAFAlcAAL7sAAIAR01hY2ludG9zaCBIRDpVc2VyczoAZGFuaWVsYnVvbmFpdXRvOgBEZXNrdG9wOgBIYXJ2YXJkOgAyNzg6AEZvcnJlc3QucGRmAAAOABgACwBGAG8AcgByAGUAcwB0AC4AcABkAGYADwAaAAwATQBhAGMAaQBuAHQAbwBzAGgAIABIAEQAEgA1VXNlcnMvZGFuaWVsYnVvbmFpdXRvL0Rlc2t0b3AvSGFydmFyZC8yNzgvRm9ycmVzdC5wZGYAABMAAS8AABUAAgAW//8AAIAG0hscHR5aJGNsYXNzbmFtZVgkY2xhc3Nlc11OU011dGFibGVEYXRhox0fIFZOU0RhdGFYTlNPYmplY3TSGxwiI1xOU0RpY3Rpb25hcnmiIiBfEA9OU0tleWVkQXJjaGl2ZXLRJidUcm9vdIABAAgAEQAaACMALQAyADcAQABGAE0AVQBgAGcAagBsAG4AcQBzAHUAdwCEAI4AuQC+AMYCaAJqAm8CegKDApEClQKcAqUCqgK3AroCzALPAtQAAAAAAAACAQAAAAAAAAAoAAAAAAAAAAAAAAAAAAAC1g==}}
